@article{simplex-popularity,
	Author = {Jack Dongarra and Francis Sullivan},
	Date-Added = {2018-09-14 02:33:57 +0000},
	Date-Modified = {2018-09-14 02:41:50 +0000},
	Journal = {Computing in Science and Engineering},
	Number = {1},
	Pages = {22},
	Title = {Guest Editors Introduction to the top 10 algorithms},
	Volume = {2},
	Year = {2000},
}


@article{sand-casting,
	Author = {Divya K. Nadar},
	Date-Added = {2018-09-14 03:26:30 +0000},
	Date-Modified = {2018-09-14 03:28:05 +0000},
	Journal = {International Journal of Engineering Research and Reviews},
	Number = {1},
	Pages = {60-63},
	Title = {Some Applications of Simplex Method},
	Volume = {4},
	Year = {2016},
}


@article{chemistry,
	Author = {C. Rozycki},
	Date-Added = {2018-09-14 03:33:39 +0000},
	Date-Modified = {2018-09-14 03:35:51 +0000},
	Journal = {Chem. Anal. (Warsaw)},
	Title = {Application of the Simplex Method for Optimization of the Analytical Methods},
	Year = {1993},
}

